<record><leader>00000cas a22000007a 4500</leader><controlfield tag="001">14708060</controlfield><controlfield tag="008">861113d18551855iauwr ne      0    0eng d</controlfield><datafield ind1=" " ind2=" " tag="010"><subfield code="a">sn 86081996 </subfield></datafield><datafield ind1=" " ind2=" " tag="040"><subfield code="a">NPH</subfield><subfield code="b">eng</subfield><subfield code="c">NPH</subfield><subfield code="d">INP</subfield><subfield code="d">UBY</subfield><subfield code="d">OCLCQ</subfield><subfield code="d">OCLCF</subfield><subfield code="d">OCLCO</subfield></datafield><datafield ind1=" " ind2=" " tag="042"><subfield code="a">msc</subfield></datafield><datafield ind1=" " ind2=" " tag="043"><subfield code="a">n-us-ia</subfield></datafield><datafield ind1="0" ind2="4" tag="245"><subfield code="a">The Western radiator.</subfield></datafield><datafield ind1="1" ind2="3" tag="246"><subfield code="a">Radiator</subfield></datafield><datafield ind1=" " ind2=" " tag="260"><subfield code="a">Bloomfield, Iowa :</subfield><subfield code="b">A.J. Dickerhoff,</subfield><subfield code="c">1855.</subfield></datafield><datafield ind1=" " ind2=" " tag="300"><subfield code="a">1 v.</subfield></datafield><datafield ind1=" " ind2=" " tag="310"><subfield code="a">Weekly</subfield></datafield><datafield ind1="0" ind2=" " tag="362"><subfield code="a">Vol. 2, no. 2 (July 21, 1855)-v. 2, no. 13 (Nov. 3, 1855).</subfield></datafield><datafield ind1=" " ind2=" " tag="500"><subfield code="a">Printed every Saturday morning.</subfield></datafield><datafield ind1=" " ind2=" " tag="500"><subfield code="a">Printer: C.P. Ober.</subfield></datafield><datafield ind1=" " ind2=" " tag="500"><subfield code="a">"Independent and unexclusive in politics. And devoted especially to morality, literature, agriculture, local interests, and general intelligence."</subfield></datafield><datafield ind1=" " ind2=" " tag="525"><subfield code="a">Extras accompany some issues.</subfield></datafield><datafield ind1=" " ind2="0" tag="651"><subfield code="a">Bloomfield (Iowa)</subfield><subfield code="v">Newspapers.</subfield></datafield><datafield ind1=" " ind2="7" tag="655"><subfield code="a">Newspapers.</subfield><subfield code="2">fast</subfield><subfield code="0">(OCoLC)fst01423814</subfield></datafield><datafield ind1=" " ind2="7" tag="651"><subfield code="a">Iowa</subfield><subfield code="z">Bloomfield.</subfield><subfield code="2">fast</subfield><subfield code="0">(OCoLC)fst01218578</subfield></datafield><datafield ind1=" " ind2=" " tag="752"><subfield code="a">United States</subfield><subfield code="b">Iowa</subfield><subfield code="c">Davis</subfield><subfield code="d">Bloomfield.</subfield></datafield><datafield ind1="0" ind2="0" tag="780"><subfield code="t">Western gazette (Bloomfield, Iowa)</subfield><subfield code="w">(DLC)sn 86081995</subfield></datafield><datafield ind1="0" ind2="0" tag="785"><subfield code="t">True flag (Bloomfield, Iowa)</subfield><subfield code="w">(DLC)sn 86061052</subfield></datafield></record>